@techreport{HAI_2024_AI-Index-Report,
  author       = {{Stanford Institute for Human-Centered Artificial Intelligence (HAI)}},
  title        = {Artificial Intelligence Index Report},
  year         = {2024},
  url          = {https://aiindex.stanford.edu/report/},
  note         = {Accesat în mai 2024}
}

@misc{wired-sam-altman,
  title = {OpenAI’s CEO Says the Age of Giant AI Models Is Already Over},
  howpublished = {Articol pe Wired},
  year = {2023},
  url = {https://www.wired.com/story/openai-ceo-sam-altman-the-age-of-giant-ai-models-is-already-over/}
}

@misc{WhyBrainLikeComputersAreHard,
  title = {Why Brain-Like Computers Are Hard},
  author = {{Asianometry}},
  year = {2023},
  url = {https://www.youtube.com/watch?v=FegeRT5N3A4},
  note = {Accesat în mai 2024}
}

@misc{VonNeumann,
  author = {Eric Woodell},
  title = {Von Neumann Architecture Diagram},
  howpublished = {\url{https://www.linkedin.com/pulse/hidden-trap-gpu-based-ai-von-neumann-bottleneck-dr-eric-woodell-n9m9e}},
  note = {Accesat în mai 2024}
}

@misc{stftProcess,
  author = {{MathWorks}},
  title = {dsp.STFT},
  note = {Accesat în mai 2024},
  url = {https://www.mathworks.com/help/dsp/ref/dsp.stft.html}
}

@misc{speechProcess,
    author = {Valerio Velardo - The Sound of AI},
    title = {Speech process},
    note = {accesat pe 23 mai 2024},
    url = {https://www.youtube.com/watch?v=4_SH2nfbQZ8&t=2231s&ab_channel=ValerioVelardo-TheSoundofAI}
}

@misc{neuronOutput,
    author = {J. K. E. Shraghian and al.},
    title = {Training Spiking Neural Networks Using Lessons from Deep Learning},
    howpublished = {\url{https://arxiv.org/pdf/2109.12894}},
    note = {Pagina 7, accesat pe 20 mai 2024}

}

@misc{senzorDVS,
    author = {J. K. E. Shraghian and al.},
    title = {Training Spiking Neural Networks Using Lessons from Deep Learning},
    howpublished = {\url{https://arxiv.org/pdf/2109.12894}},
    note = {Pagina 7, accesat pe 21 mai 2024}
}

@misc{comparatieSenzori,
    author = {J. K. E. Shraghian and al.},
    title = {Training Spiking Neural Networks Using Lessons from Deep Learning},
    howpublished = {\url{https://arxiv.org/pdf/2109.12894}},
    note = {Pagina 8, accesat pe 24 mai 2024}
}

@misc{modeleNeuroni,
    author = {Jason K. Eshraghian},
    title = {TUTORIAL 2 - THE LEAKY INTEGRATE-AND-FIRE NEURON},
    url = {https://snntorch.readthedocs.io/en/latest/tutorials/tutorial_2.html},
    note = {accesat pe 25 mai 2024}
}

@misc{neuronReseachGate,
  title = {An Open Domain-Extensible Environment for Simulation-Based Scientific Investigation (ODESSI) - Scientific Figure on ResearchGate},
  note = {accesat pe 23 mai 2024},
  url = {https://www.researchgate.net/figure/The-main-structur-of-a-neuron-consists-of-soma-dendrites-and-axon_fig3_220856618}
}

@inproceedings{accentDB,
  author    = {Afroz Ahamad and Ankit Anand and Pranesh Bhargava},
  title     = {AccentDB: A Database of Non-Native English Accents to Assist Neural Speech Recognition},
  booktitle = {Proceedings of The 12th Language Resources and Evaluation Conference},
  month     = {4},
  year      = {2020},
  address   = {Marseille, France},
  publisher = {European Language Resources Association},
  pages     = {5353--5360},
  url       = {https://www.aclweb.org/anthology/2020.lrec-1.659}
}